<?xml version="1.0" encoding="UTF-8"?><collection xmlns="http://www.loc.gov/MARC21/slim"><record><leader>00634nam--2200193-i-4500</leader><controlfield tag="001">000027894</controlfield><controlfield tag="002">20161230</controlfield><controlfield tag="005">20161230201037</controlfield><controlfield tag="008">060222s1000------------r-----000-0-eng-d</controlfield><datafield ind1=" " ind2=" " tag="040"><subfield code="a">IFIN-HH</subfield></datafield><datafield ind1=" " ind2=" " tag="080"><subfield code="a">512</subfield></datafield><datafield ind1="1" ind2=" " tag="100"><subfield code="a">Fell, J. M. G</subfield></datafield><datafield ind1="1" ind2="0" tag="245"><subfield code="a">Representations of *-Algebras, Locally Compact Groups, and Banach *-Algebraic Bundles. Vol. 1. Basic Representation Theory of Groups and Algebras</subfield><subfield code="c">J.M.G. Fell, R.S. Doran</subfield></datafield><datafield ind1=" " ind2=" " tag="260"><subfield code="a">San Diego, CA</subfield><subfield code="b">Academic Press, Inc</subfield><subfield code="c">1988</subfield></datafield><datafield ind1=" " ind2=" " tag="300"><subfield code="a">xviii+746p</subfield></datafield><datafield ind1=" " ind2=" " tag="490"><subfield code="a">Pure and Applied Mathematics 125</subfield></datafield><datafield ind1="1" ind2=" " tag="700"><subfield code="a">Doran, R.S</subfield></datafield><datafield ind1=" " ind2=" " tag="852"><subfield code="a">13669</subfield><subfield code="c">51</subfield></datafield><datafield ind1=" " ind2=" " tag="CAT"><subfield code="a">Sys</subfield><subfield code="c">20160205</subfield><subfield code="h">085058</subfield></datafield></record></collection>